<?xml version="1.0" encoding="UTF-8"?><record xmlns="http://www.loc.gov/MARC21/slim" xmlns:cinclude="http://apache.org/cocoon/include/1.0" xmlns:zs="http://www.loc.gov/zing/srw/">
  <leader>00632nz  a2200157n  4500</leader>
  <controlfield tag="001">no2010095518</controlfield>
  <controlfield tag="003">DLC</controlfield>
  <controlfield tag="005">20100612075503.0</controlfield>
  <controlfield tag="008">100610n| acannaabn          |a aaa     c</controlfield>
  <datafield tag="010" ind1=" " ind2=" ">
    <subfield code="a">no2010095518</subfield>
  </datafield>
  <datafield tag="035" ind1=" " ind2=" ">
    <subfield code="a">(OCoLC)oca08523586</subfield>
  </datafield>
  <datafield tag="040" ind1=" " ind2=" ">
    <subfield code="a">OkU</subfield>
    <subfield code="b">eng</subfield>
    <subfield code="c">OkU</subfield>
  </datafield>
  <datafield tag="100" ind1="1" ind2=" ">
    <subfield code="a">Boshoff, W. P.</subfield>
    <subfield code="q">(William Peter),</subfield>
    <subfield code="d">1979-</subfield>
  </datafield>
  <datafield tag="400" ind1="1" ind2=" ">
    <subfield code="a">Boshoff, William Peter,</subfield>
    <subfield code="d">1979-</subfield>
  </datafield>
  <datafield tag="670" ind1=" " ind2=" ">
    <subfield code="a">Advances in cement-based materials, 2010:</subfield>
    <subfield code="b">t.p. (W.P. Boshoff, Stellenbosch Univ., South Africa) p. ix (W.P. (Billy) Boshoff)</subfield>
  </datafield>
  <datafield tag="670" ind1=" " ind2=" ">
    <subfield code="a">Dept. of Civil Engineering, Stellenbosch Univ., via WWW, June 10, 2010:</subfield>
    <subfield code="b">personnel, CV (William Peter Boshoff, b. Apr. 6, 1979)</subfield>
  </datafield>
</record>